@article{jose,
  author    = {Jos{\'e} Hern{\'a}ndez-Orallo},
  title     = {Annotated English},
  journal   = {CoRR},
  volume    = {abs/1012.5962},
  year      = {2010},
  ee        = {http://arxiv.org/abs/1012.5962},
  bibsource = {DBLP, http://dblp.uni-trier.de}
}

@booklet{bellspell,
    author = {Marsha Bell},
    title = {Spelling it Out: the Problems and Costs of English Spelling},
    year = {2012}
}

@article{interspell,
    author = {Valerie Yule},
    title = {The Design of Spelling to Match Needs and Abilities},
    journal = {Harvard Educational Review},
    volume = {56},
    issue = {3},
    year = {1986},
    pages = {278-298}
}

@inproceedings{ipapron, 
    author={Ghoshal, A. and Jansche, M. and Khudanpur, S. and Riley, M. and Ulinski, M.}, 
    booktitle={Acoustics, Speech and Signal Processing, 2009. ICASSP 2009. IEEE International Conference on}, 
    title={WEB-derived pronunciations}, 
    year={2009}, 
    month={April}, 
    pages={4289-4292}, 
    keywords={Internet;speech processing;IPA pronunciations;Pronlex pronunciations;Web-derived pronunciations;ad-hoc transcriptions;candidate pronunciation extraction;letter-to-phoneme task;orthographic words;Automatic speech recognition;Data mining;Decision trees;Hidden Markov models;Information filtering;Information filters;Law;Speech processing;Speech synthesis;Web pages;Speech processing}, 
    doi={10.1109/ICASSP.2009.4960577}, 
    ISSN={1520-6149}
}

@inbook{sampa,
    author = {John C. Wells},
    title = {SAMPA computer readable phonetic alphabet},
    booktitle = {Handbook of Standards and Resources for Spoken Language Systems},
    publisher = {Mouton de Gruyter},
    year = {1997},
    editor = {D. Gibbon and R. Moore and R. Winski},
    address = {Berlin}
}

@misc{foma,
    title = {FOMA: Finite-State Compiler and C Library},
    author = {Mans Hulden},
    howpublished = {\url{https://code.google.com/p/foma/}},
    note = {Accessed April 1 2014},
    year = {2012}
}

@misc{pico,
    title = {SVOX Pico: Speech Output Engine SDK},
    author = {{SVOX AG}},
    year = {2009},
    howpublished = {\url{http://dafpolo.free.fr/telecharger/svoxpico/SVOX_Pico_Manual.pdf}},
    note = {Accessed April 1 2014}
}

@book{agile,
    title = {The Art of Agile Development},
    author = {James Shore and Shane Warden},
    publisher = {O'Reilly Media},
    year = {2007},
    address = {Sebastopol CA}
}

@book{fst,
    title = {Finite-State Language Processing},
    author = {E. Roche and Y. Schabes},
    publisher = {MIT Press},
    year = {1997},
    address = {Massachusetts}
}

@misc{unitguide,
    title = {FIT3036 Unit Guide},
    author = {Monash University},
    year = {2014},
    howpublished = {\url{http://www.infotech.monash.edu.au/units/archive/2014/s1/fit3036.html}},
    note = {Accessed April 3 2014}
}

@misc{email,
    author = {Jos{\'e} Hern{\'a}ndez-Orallo},
    year = {2014},
    howpublished = {Private Communication}
}

@book{theoryofc,
 author = {Sipser, Michael},
 title = {Introduction to the Theory of Computation},
 year = {1996},
 edition = {1st},
 publisher = {International Thomson Publishing},
} 

@misc{dico,
    author = {Oxford University Prress},
    title = {Oxford English Dictionary},
    howpublished = {\url{http://www.oxforddictionaries.com/}}
}